@ARTICLE{Przybilla08,
       author = {{Przybilla}, Norbert and {Nieva}, Maria-Fernanda and {Butler}, Keith},
        title = "{A Cosmic Abundance Standard: Chemical Homogeneity of the Solar Neighborhood and the ISM Dust-Phase Composition}",
      journal = {\apjl},
     keywords = {dust, extinction, ISM: abundances, solar neighborhood, stars: abundances, stars: early-type, stars: fundamental parameters, Astrophysics},
         year = 2008,
        month = dec,
       volume = {688},
       number = {2},
        pages = {L103},
          doi = {10.1086/595618},
archivePrefix = {arXiv},
       eprint = {0809.2403},
 primaryClass = {astro-ph},
       adsurl = {https://ui.adsabs.harvard.edu/abs/2008ApJ...688L.103P},
      adsnote = {Provided by the SAO/NASA Astrophysics Data System}
}

@ARTICLE{Schwarz14,
       author = {{Schwarz}, Kamber R. and {Bergin}, Edwin A.},
        title = "{The Effects of Initial Abundances on Nitrogen in Protoplanetary Disks}",
      journal = {\apj},
     keywords = {astrochemistry, circumstellar matter, ISM: abundances, protoplanetary disks, stars: pre-main sequence, Astrophysics - Solar and Stellar Astrophysics},
         year = 2014,
        month = dec,
       volume = {797},
       number = {2},
          eid = {113},
        pages = {113},
          doi = {10.1088/0004-637X/797/2/113},
archivePrefix = {arXiv},
       eprint = {1411.1403},
 primaryClass = {astro-ph.SR},
       adsurl = {https://ui.adsabs.harvard.edu/abs/2014ApJ...797..113S},
      adsnote = {Provided by the SAO/NASA Astrophysics Data System}
}

@ARTICLE{Daranlot12,
       author = {{Daranlot}, J. and {Hincelin}, U. and {Bergeat}, A. and {Costes}, M. and {Loison}, J. -C. and {Wakelam}, V. and {Hickson}, K.~M.},
        title = "{Elemental nitrogen partitioning in dense interstellar clouds}",
      journal = {Proceedings of the National Academy of Science},
     keywords = {Astrophysics - Astrophysics of Galaxies},
         year = 2012,
        month = jun,
       volume = {109},
       number = {26},
        pages = {10233-10238},
          doi = {10.1073/pnas.1200017109},
archivePrefix = {arXiv},
       eprint = {1206.4905},
 primaryClass = {astro-ph.GA},
       adsurl = {https://ui.adsabs.harvard.edu/abs/2012PNAS..10910233D},
      adsnote = {Provided by the SAO/NASA Astrophysics Data System}
}

@ARTICLE{Boogert15,
       author = {{Boogert}, A.~C. Adwin and {Gerakines}, Perry A. and {Whittet}, Douglas C.~B.},
        title = "{Observations of the icy universe.}",
      journal = {\araa},
     keywords = {Astrophysics - Astrophysics of Galaxies, Astrophysics - Earth and Planetary Astrophysics, Astrophysics - Solar and Stellar Astrophysics},
         year = 2015,
        month = aug,
       volume = {53},
        pages = {541-581},
          doi = {10.1146/annurev-astro-082214-122348},
archivePrefix = {arXiv},
       eprint = {1501.05317},
 primaryClass = {astro-ph.GA},
       adsurl = {https://ui.adsabs.harvard.edu/abs/2015ARA&A..53..541B},
      adsnote = {Provided by the SAO/NASA Astrophysics Data System}
}

@ARTICLE{Oberg11,
       author = {{{\"O}berg}, Karin I. and {Boogert}, A.~C. Adwin and {Pontoppidan}, Klaus M. and {van den Broek}, Saskia and {van Dishoeck}, Ewine F. and {Bottinelli}, Sandrine and {Blake}, Geoffrey A. and {Evans}, Neal J., II},
        title = "{The Spitzer Ice Legacy: Ice Evolution from Cores to Protostars}",
      journal = {\apj},
     keywords = {astrochemistry, circumstellar matter, infrared: ISM, ISM: abundances, ISM: lines and bands, ISM: molecules, molecular processes, stars: formation, Astrophysics - Astrophysics of Galaxies},
         year = 2011,
        month = oct,
       volume = {740},
       number = {2},
          eid = {109},
        pages = {109},
          doi = {10.1088/0004-637X/740/2/109},
archivePrefix = {arXiv},
       eprint = {1107.5825},
 primaryClass = {astro-ph.GA},
       adsurl = {https://ui.adsabs.harvard.edu/abs/2011ApJ...740..109O},
      adsnote = {Provided by the SAO/NASA Astrophysics Data System}
}

@ARTICLE{Altwegg20,
       author = {{Altwegg}, Kathrin and {Balsiger}, Hans and {H{\"a}nni}, Nora and {Rubin}, Martin and {Schuhmann}, Markus and {Schroeder}, Isaac and {S{\'e}mon}, Thierry and {Wampfler}, Susanne and {Berthelier}, Jean-Jacques and {Briois}, Christelle and {Combi}, Mike and {Gombosi}, Tamas I. and {Cottin}, Herv{\'e} and {De Keyser}, Johan and {Dhooghe}, Frederik and {Fiethe}, Bj{\"o}rn and {Fuselier}, Steven A.},
        title = "{Evidence of ammonium salts in comet 67P as explanation for the nitrogen depletion in cometary comae}",
      journal = {Nature Astronomy},
     keywords = {Astrophysics - Earth and Planetary Astrophysics},
         year = 2020,
        month = jan,
       volume = {4},
        pages = {533-540},
          doi = {10.1038/s41550-019-0991-9},
archivePrefix = {arXiv},
       eprint = {1911.13005},
 primaryClass = {astro-ph.EP},
       adsurl = {https://ui.adsabs.harvard.edu/abs/2020NatAs...4..533A},
      adsnote = {Provided by the SAO/NASA Astrophysics Data System}
}

@ARTICLE{Maret06,
       author = {{Maret}, S. and {Bergin}, E.~A. and {Lada}, C.~J.},
        title = "{A low fraction of nitrogen in molecular form in a dark cloud}",
      journal = {\nat},
         year = 2006,
        month = jul,
       volume = {442},
       number = {7101},
        pages = {425-427},
          doi = {10.1038/nature04919},
       adsurl = {https://ui.adsabs.harvard.edu/abs/2006Natur.442..425M},
      adsnote = {Provided by the SAO/NASA Astrophysics Data System}
}

@ARTICLE{Furuya18,
       author = {{Furuya}, Kenji and {Persson}, Magnus V.},
        title = "{Tracing the atomic nitrogen abundance in star-forming regions with ammonia deuteration}",
      journal = {\mnras},
     keywords = {astrochemistry, stars: formation, ISM: clouds, ISM: molecules, Astrophysics - Astrophysics of Galaxies},
         year = 2018,
        month = jun,
       volume = {476},
       number = {4},
        pages = {4994-5005},
          doi = {10.1093/mnras/sty553},
archivePrefix = {arXiv},
       eprint = {1802.08494},
 primaryClass = {astro-ph.GA},
       adsurl = {https://ui.adsabs.harvard.edu/abs/2018MNRAS.476.4994F},
      adsnote = {Provided by the SAO/NASA Astrophysics Data System}
}

@INPROCEEDINGS{Ceccarelli14,
       author = {{Ceccarelli}, C. and {Caselli}, P. and {Bockel{\'e}e-Morvan}, D. and {Mousis}, O. and {Pizzarello}, S. and {Robert}, F. and {Semenov}, D.},
        title = "{Deuterium Fractionation: The Ariadne's Thread from the Precollapse Phase to Meteorites and Comets Today}",
     keywords = {Astrophysics - Earth and Planetary Astrophysics, Astrophysics - Solar and Stellar Astrophysics},
    booktitle = {Protostars and Planets VI},
         year = 2014,
       editor = {{Beuther}, Henrik and {Klessen}, Ralf S. and {Dullemond}, Cornelis P. and {Henning}, Thomas},
        month = jan,
        pages = {859},
          doi = {10.2458/azu_uapress_9780816531240-ch037},
archivePrefix = {arXiv},
       eprint = {1403.7143},
 primaryClass = {astro-ph.EP},
       adsurl = {https://ui.adsabs.harvard.edu/abs/2014prpl.conf..859C},
      adsnote = {Provided by the SAO/NASA Astrophysics Data System}
}